@article{trino,
  title={Trino: The Definitive Guide},
  author={Matt Fuller, Manfred Moser, Martin Traverso},
  year={2021},
  publisher={O'Reilly Media, Inc.}
}

@article{key,
  author          = {},
  journal         = {},
  number          = {},
  title           = {},
  year            = {}
}